@PHDTHESIS{phd:Dimmock,
	author = {M. Dimmock},
	title = {Characterisation of AGATA Symmetric Prototype Detectors},
	school = {University of Liverpool},
	year = {2008},
	otherinfo = {}
}
@ARTICLE{art:Crespi,
	author = {F. Crespi and others},
	title = {A novel technique for the characterization of a HPGe detector response based on pulse shape comparison},
	journal = {Nuclear Instruments and Methods in Physics Research Section A},
	year = {2008},
}
@ARTICLE{art:Domingo,
	author = {C. Domingo-Pardo},
	title = {A novel $\gamma$-ray imaging method for the pulse-shape characterization of position sensitive semiconductor radiation detectors},
	journal = {Nuclear Instruments and Methods in Physics Research, Section A},
	year = {2010},
	otherinfo = {}
}



